@book{Dantzig1930,
        AUTHOR = "Tobias Dantzig",
        TITLE = "Number: The Language of Science",
        PUBLISHER = "Bulletin of the American Mathematical Society",
        YEAR = "1930",}

@book{Conforti,
        AUTHOR = "Michele Conforti, Gerard Cornuejols, Giacomo Zambelli",
        TITLE = "Integer Programming",
        PUBLISHER = "Springer International Publishing Switzerland",
        YEAR = "2014",}

@article{Tomlin,
          AUTHOR = "J. A. Tomlin",
          TITLE = "Branch and bound methods for integer and non-convex programming",
          PUBLISHER = "American Elsevier Publishing Co."
          YEAR = "1970",)

@article{Benichou,
          AUTHOR = "M. Benichou, J.M. Gauthier, P. Girodet, G. Hentges, G. Ribiere, O. Vincent",
          TITLE = "Experiments in Mixed-Integer Linear Programming",
          PUBLISHER = "North-Holland Publishing Company",
          YEAR = "1971",}

@article{Mitra,
          AUTHOR = "G. Mitra",
          TITLE = "Investigation of Some Brancha nd Bound Strategies for the Solution of Mixed Integer Linear programs",
          PUBLISHER = "North-Holland Publishing Company"
          YEAR = "1973",}

@article{Morrison,
          AUTHOR = "David R. Morrison, Sheldon H. Jacobson, Jason J. Sauppe, Edward C. Sewell",
          TITLE = "Branch-and-bound algorithms: A survey of recent advances in searching, branching, and pruning",
          PUBLISHER = "Elsevier",
          YEAR = "2016",}

@article{Achterberg,
          AUTHOR = "T. Achterberg, T. Koch, A. Martin",
          TITLE = "Branching rules revisited",
          PUBLISHER = "Operations Research Letters",
          YEAR = "2005",}

@article{Land,
          AUTHOR = "A. H Land, A.G. Doig",
          TITLE = "An Automatic Method of Solving Discrete Programming Problems",
          PUBLISHER = "Econometrica",
          YEAR = "1960",}

@article{Dakin,
          AUTHOR = "R. J. Dakin",
          TITLE = "A Tree Search Algorithm for Mixed Integer Programming Problems",
          PUBLISHER = "The Computer Journal",
          YEAR = "1965".}
