@BOOK{BOOK:1,
      AUTHOR = "Nelson Frew",
      TITLE = "Nelson's Funhaus",
      PUBLISHER = "Publishar",
      YEAR = "1988",}
