@article{Wolsey,
         AUTHOR = "Laurence A. Wolsey",
         TITLE = "Heuristic Analysis, Linear Programming and Branch and Bound",
         PUBLISHER = "Springer, Berlin, Heidelberg",
         Year = "1980",}
         
@article{WolseyMIP,
        AUTHOR = "Laurence A. Wolsey",
        TITLE = "Mixed-Integer Programming",
        PUBLISHER = "John Wiley & Sons, Inc",
        YEAR = "2008",}

@BOOK{Conforti,
      AUTHOR = "Michele Conforti, Gerard Cornuejols, Giacomo Zambelli",
      TITLE = "Integer Programming",
      PUBLISHER = "Springer Publishing Company, Incorporated",
      YEAR = "2014",}

@ARTICLE{Dantzig,
        AUTHOR = "George B. Dantzig",
        TITLE = "Maximization of a linear functino of variables subject to linear inequalities: in T.C Koopmans (ed.)",
        PUBLISHER = "Activity Analysis of Production and Allocation",
        YEAR = "1947",}

@ARTICLE{Cook,
        AUTHOR = "Stephen A. Cook",
        TITLE = "The complexity of theorem-proving procedures",
        PUBLISHER = "ACM New York, NY, USA",
        YEAR = "1971",}

@BOOK{Vazirani,
      AUTHOR = "Vijay Vazirani",
      TITLE = "Approximation Algorithms",
      PUBLISHER = "Springer-Verlag New York, Inc.",
      YEAR = "2001",}

@BOOK{WilliamsonShmoy,
      AUTHOR = "David P. Williamson, David B. Shmoys",
      TITLE = "The Design of Approximation Algorithms",
      PUBLISHER = "Cambridge University Press New York, NY, USA 2011",
      YEAR = "2011"}

