@BOOK{BOOK:1,
      AUTHOR = "Michele Conforti, Gerard Cornuejols, Giacomo Zambelli",
      TITLE = "Integer Programming",
      PUBLISHER = "Springer Publishing Company, Incorporated",
      YEAR = "2014",}

@BOOK{BOOK:2,
      AUTHOR = "Vijay Vazirani",
      TITLE = "Approximation Algorithms",
      PUBLISHER = "Springer-Verlag New York, Inc.",
      YEAR = "2001",}

@ARTICLE{WOLSEY,
         AUTHOR = "Laurence A. Wosley",
         TITLE = "Heuristic Analysis, Linear Programming and Branch and Bound",
         PUBLISHER = "Springer, Berlin, Heidelberg",
         YEAR = "1980",}

@ARTICLE{LandDoig,
         AUTHOR = "A. H. Land and A. G. Doig",
         TITLE = "An automatic method of solving discrete programming problems",
         PUBLISHER = "Econometrica",
         YEAR = "1960",}

@ARTICLE{IbarraKim,
        AUTHOR = "Oscar H. Ibarra, Chul E. Kim",
        TITLE = "Fast approximation algorithms for Knapsack and Sum of Subset problems",
        PUBLISHER = "Discrete Applied Mathematics",
        YEAR = "1979",}

@ARTICLE{CristofidesTSP,
         AUTHOR = "Nico Cristofides",
         TITLE = "Worst case analysis of a new heuristic for the Travelling Salesman problem",
         PUBLISHER = "Carnegia-Mellon Univ Pittsburgh PA Management Sciences Research Group",
         YEAR = "1976",}

@ARTICLE{CornuejolsFisherNemhauser,
         AUTHOR = "Gerard Cornuejols, Marshall L. Fisher, George L. Nemhauser", 
         TITLE = "Location of bank accounts to optimise float: an analytic study of exact and approximate algorithms",
         PUBLISHER = "Management Science",
         YEAR = "1977",}

@ARTICLE{Dantzig,
         AUTHOR = "George B. Dantzig",
         TITLE = "Maximization of a linear function of variables subject to linear inequalities: in T.C Koopmans (ed.)",
         PUBLISHER = "Activity Analysis of Production and Allocation",
         YEAR = "1947",}
@ARTICLE{Cook,
         AUTHOR = "Stephen A. Cook",
         TITLE = "The complexity of theorem-proving procedures",
         PUBLISHER = "ACM New York, NY, USA",
         YEAR = "1971",}

@ARTICLE{Hammer,
         AUTHOR = "P. L. Hammer, E. L Johnson, B. H. Korte",
         TITLE = "Conclusive Remarks",
         PUBLISHER = "Elsevier",
         YEAR = "2000",}

@ARTICLE{WolseyMIP,
        AUTHOR = "Laurence A. Wolsey",
        TITLE = "Mixed-Integer Programming",
        PUBLISHER = "John Wiley & Sons, Inc",
        YEAR = "2008",}

@ARTICLE{Mitten,
        AUTHOR = "L. G. Mitten",
        TITLE = "Branch-and-Bound Methods: General Formulation and Properties",
        PUBLISHER = "INFORMS",
        YEAR = "1970",}
        YEAR = "",}

@ARTICLE{Gomory,
        AUTHOR = "Ralph E. Gomory",
        TITLE = "Outline of an algorithm for integer solutions to linear programs",
        PUBLISHER = "Bulletin of the American Mathematical Society",
        YEAR = "1958",}

@ARTICLE{PisingerKP,
        AUTHOR = "H. Kellerer, U. Pferschy, D. Pisinger",
        TITLE = "Knapsack Problems",
        PUBLISHER = "Springer, Berlin, Germany",
        YEAR = "2004",}

@ARTICLE{Ralphs,
        AUTHOR = "Ted K. Ralphs, Menal Guzelsoy",
        TITLE = "Duality and warm starting in integer programming",
        PUBLISHER = "Proceedings of the 2006 DMII Guarantees Conference",
        YEAR = "2006",}
        
        
