@book{Dantzig1930,
        AUTHOR = "Tobias Dantzig",
        TITLE = "Number: The Language of Science",
        PUBLISHER = "Bulletin of the American Mathematical Society",
        YEAR = "1930",}

@book{Conforti,
        AUTHOR = "Michele Conforti, Gerard Cornuejols, Giacomo Zambelli",
        TITLE = "Integer Programming",
        PUBLISHER = "Springer International Publishing Switzerland",
        YEAR = "2014",}

@book{Vazirani,
        AUTHOR = "Vijay Vazirani",
        TITLE = "Approximation Algorithms",
        PUBLISHER = "Springer-Verlag Berlin, Heidelberg",
        YEAR = "2001",}

@article{Tomlin,
          AUTHOR = "J. A. Tomlin",
          TITLE = "Branch and bound methods for integer and non-convex programming",
          PUBLISHER = "American Elsevier Publishing Co.",
          YEAR = "1970",)

@article{Benichou,
          AUTHOR = "M. Benichou, J.M. Gauthier, P. Girodet, G. Hentges, G. Ribiere, O. Vincent",
          TITLE = "Experiments in Mixed-Integer Linear Programming",
          PUBLISHER = "North-Holland Publishing Company",
          YEAR = "1971",}

@article{Mitra,
          AUTHOR = "G. Mitra",
          TITLE = "Investigation of Some Brancha nd Bound Strategies for the Solution of Mixed Integer Linear programs",
          PUBLISHER = "North-Holland Publishing Company",
          YEAR = "1973",}

@article{Morrison,
          AUTHOR = "David R. Morrison, Sheldon H. Jacobson, Jason J. Sauppe, Edward C. Sewell",
          TITLE = "Branch-and-bound algorithms: A survey of recent advances in searching, branching, and pruning",
          PUBLISHER = "Elsevier",
          YEAR = "2016",}

@article{Achterberg,
          AUTHOR = "T. Achterberg, T. Koch, A. Martin",
          TITLE = "Branching rules revisited",
          PUBLISHER = "Operations Research Letters",
          YEAR = "2005",}

@article{Land,
          AUTHOR = "A. H Land, A.G. Doig",
          TITLE = "An Automatic Method of Solving Discrete Programming Problems",
          PUBLISHER = "Econometrica",
          YEAR = "1960",}

@article{Dakin,
          AUTHOR = "R. J. Dakin",
          TITLE = "A Tree Search Algorithm for Mixed Integer Programming Problems",
          PUBLISHER = "The Computer Journal",
          YEAR = "1965",}

@article{Vandenberghe,
          AUTHOR = "Lieven Vendenbergh, Stephen Boyd",
          TITLE = "Semidefinite Programming",
          PUBLISHER = "Society for Industrial and Applied Mathematics",
          YEAR = "1996",}

@article{Alizadeh,
          AUTHOR = "Farid Alizadeh",
          TITLE = "Interior Point Methods in Semidefinite Programming with Applications to Combinatorial Optimization",
          PUBLISHER = "International Computer Science Institute",
          YEAR = "1993",}

@article{Geoffrion,
          AUTHOR = "A.M. Geoffrion",
          TITLE = "Lagrangean relaxation for integer programming",
          PUBLISHER = "The Mathematical Programming Society",
          YEAR = "1974",}

@article{Dantzig,
          AUTHOR = "George Dantzig",
          TITLE = "Maximization of a linear function of variables subject to linear inequalities: in T.C Koopmans (ed.)",
          PUBLISHER = "Activity Analysis of Production and Allocation",
          YEAR = "1947",}

@article{Lovasz,
          AUTHOR = "L. Lovasz, A. Schrijver",
          TITLE = "Cones of Matrices and set-function and 0-1 optimisation",
          PUBLISHER = "Society for Industrial and Applied Mathematics",
          YEAR = "1991",}

@article{Gomory,
          AUTHOR = "R.E Gomory",
          TITLE = "Outline of an algorithm for integer solutions to linear programs",
          PUBLISHER = "Bulletin of the American Mathematical Society",
          YEAR = "1958",}

@article{DantzigFulkersonJohnson,
          AUTHOR = "G. Dantzig, R. Fulkerson, S. Johnson.",
          TITLE = "Solution of a larg-scale traveling-salesman problem",
          PUBLISHER = "Operations Research Society of America",
          YEAR = "1954",}

@article{PadbergRinaldi1,
          AUTHOR = "M. W. Padberg, G. Rinaldi",
          TITLE = "Optimization of a 532-city symmetric travelling salesman problem by branch and cut",
          PUBLISHER = "Operations Research Letters",
          YEAR = "1987",}

@article{PadbergRinaldi2,
          AUTHOR = "M. W. Padberg, G. Rinaldi",
          TITLE = "A branch-and-cut algorithm for the resolution of large-scale symmetric traveling salesman problems.",
          PUBLISHER = "Society for Industrial and Applied Mathematics",
          YEAR = "1991",}

@article{Ralphs,
          AUTHOR = "Ted Ralphs, Menal Guzelsoy",
          TITLE = "Duality and Warm Starting in Integer Programming",
          PUBLISHER = "Proceedings of the NSF Design, Service and Manufacturing",
          YEAR = "2006",}

