@article{achterberg2005branching,
  title={Branching rules revisited},
  author={Achterberg, Tobias and Koch, Thorsten and Martin, Alexander},
  journal={Operations Research Letters},
  volume={33},
  number={1},
  pages={42--54},
  year={2005},
  publisher={Elsevier}
}

@article{tomlin1970branch,
  title={Branch and bound methods for integer and non-convex programming},
  author={Tomlin, JOHN A},
  journal={Integer and nonlinear programming},
  volume={1},
  pages={437--450},
  year={1970},
  publisher={North-Holland Amsterdam}
}

@article{mitra1973investigation,
  title={Investigation of some branch and bound strategies for the solution of mixed integer linear programs},
  author={Mitra, Gautam},
  journal={Mathematical Programming},
  volume={4},
  number={1},
  pages={155--170},
  year={1973},
  publisher={Springer}
}

@article{benichou1971experiments,
  title={Experiments in mixed-integer linear programming},
  author={B{\'e}nichou, Michel and Gauthier, Jean-Michel and Girodet, Paul and Hentges, Gerard and Ribi{\`e}re, Gerard and Vincent, O},
  journal={Mathematical Programming},
  volume={1},
  number={1},
  pages={76--94},
  year={1971},
  publisher={Springer}
}

@article{morrison2016branch,
  title={Branch-and-bound algorithms: A survey of recent advances in searching, branching, and pruning},
  author={Morrison, David R and Jacobson, Sheldon H and Sauppe, Jason J and Sewell, Edward C},
  journal={Discrete Optimization},
  volume={19},
  pages={79--102},
  year={2016},
  publisher={Elsevier}
}

